<?xml version="1.0" encoding="UTF-8"?><record xmlns="http://www.loc.gov/MARC21/slim" xmlns:cinclude="http://apache.org/cocoon/include/1.0" xmlns:zs="http://www.loc.gov/zing/srw/">
  <leader>00370cz  a2200121n  4500</leader>
  <controlfield tag="001">n  86070992 </controlfield>
  <controlfield tag="003">DLC</controlfield>
  <controlfield tag="005">19891031112521.4</controlfield>
  <controlfield tag="008">860715n| acannaab|          |n aaa |||  </controlfield>
  <datafield tag="010" ind1=" " ind2=" ">
    <subfield code="a">n  86070992 </subfield>
  </datafield>
  <datafield tag="040" ind1=" " ind2=" ">
    <subfield code="a">DLC</subfield>
    <subfield code="c">DLC</subfield>
    <subfield code="d">DLC</subfield>
  </datafield>
  <datafield tag="100" ind1="1" ind2="0">
    <subfield code="a">Steiner, Connie Colker</subfield>
  </datafield>
  <datafield tag="670" ind1=" " ind2=" ">
    <subfield code="a">Her On eagles' wings and other things, c1987:</subfield>
    <subfield code="b">CIP t.p. (Connie Steiner) book t.p. (Connie Colker Steiner)</subfield>
  </datafield>
</record>